<record><leader>00000cas a22000007a 4500</leader><controlfield tag="001">4084310</controlfield><controlfield tag="008">780726d19781981nmuer ne      0   a0eng d</controlfield><datafield ind1=" " ind2=" " tag="010"><subfield code="a">sn 79008287 </subfield></datafield><datafield ind1=" " ind2=" " tag="040"><subfield code="a">NSD</subfield><subfield code="b">eng</subfield><subfield code="c">NSD</subfield><subfield code="d">NVM</subfield><subfield code="d">OCL</subfield><subfield code="d">OCLCQ</subfield><subfield code="d">OCLCF</subfield><subfield code="d">OCLCO</subfield><subfield code="d">OCLCA</subfield></datafield><datafield ind1=" " ind2=" " tag="012"><subfield code="e">n</subfield><subfield code="l">1</subfield></datafield><datafield ind1="0" ind2=" " tag="022"><subfield code="a">0162-0185</subfield><subfield code="l">0162-0185</subfield><subfield code="2">1</subfield></datafield><datafield ind1="1" ind2=" " tag="029"><subfield code="a">AU@</subfield><subfield code="b">000020620917</subfield></datafield><datafield ind1=" " ind2=" " tag="037"><subfield code="b">Los Alamos Scientific Laboratory, Public Information Office, MS-318, P.O. Box 1663, Los Alamos, N.M. 87545</subfield></datafield><datafield ind1=" " ind2=" " tag="042"><subfield code="a">nsdp</subfield><subfield code="a">msc</subfield></datafield><datafield ind1=" " ind2="4" tag="082"><subfield code="a">530.5</subfield></datafield><datafield ind1=" " ind2="0" tag="222"><subfield code="a">LASL newsletter</subfield></datafield><datafield ind1="0" ind2="0" tag="245"><subfield code="a">LASL newsletter.</subfield></datafield><datafield ind1="3" ind2=" " tag="246"><subfield code="a">Los Alamos Scientific Laboratory newsletter</subfield></datafield><datafield ind1=" " ind2=" " tag="260"><subfield code="a">[Los Alamos, N.M.] :</subfield><subfield code="b">Los Alamos Scientific Laboratory, University of California.</subfield></datafield><datafield ind1=" " ind2=" " tag="300"><subfield code="a">v.</subfield></datafield><datafield ind1=" " ind2=" " tag="310"><subfield code="a">Biweekly</subfield></datafield><datafield ind1="0" ind2=" " tag="362"><subfield code="a">Vol. 1, no. 1 (July 13, 1978)-</subfield></datafield><datafield ind1="1" ind2=" " tag="362"><subfield code="a">Ceased in 1981.</subfield></datafield><datafield ind1="2" ind2="0" tag="610"><subfield code="a">Los Alamos Scientific Laboratory</subfield><subfield code="v">Newspapers.</subfield></datafield><datafield ind1=" " ind2="0" tag="651"><subfield code="a">Los Alamos (N.M.)</subfield><subfield code="v">Newspapers.</subfield></datafield><datafield ind1=" " ind2="0" tag="651"><subfield code="a">Los Alamos County (N.M.)</subfield><subfield code="v">Newspapers.</subfield></datafield><datafield ind1=" " ind2="7" tag="655"><subfield code="a">Newspapers.</subfield><subfield code="2">fast</subfield><subfield code="0">(OCoLC)fst01423814</subfield></datafield><datafield ind1="2" ind2="7" tag="610"><subfield code="a">Los Alamos Scientific Laboratory.</subfield><subfield code="2">fast</subfield><subfield code="0">(OCoLC)fst00534880</subfield></datafield><datafield ind1=" " ind2="7" tag="651"><subfield code="a">New Mexico</subfield><subfield code="z">Los Alamos.</subfield><subfield code="2">fast</subfield><subfield code="0">(OCoLC)fst01205849</subfield></datafield><datafield ind1=" " ind2="7" tag="651"><subfield code="a">New Mexico</subfield><subfield code="z">Los Alamos County.</subfield><subfield code="2">fast</subfield><subfield code="0">(OCoLC)fst01230875</subfield></datafield><datafield ind1="2" ind2=" " tag="710"><subfield code="a">Los Alamos Scientific Laboratory.</subfield></datafield><datafield ind1=" " ind2=" " tag="752"><subfield code="a">United States</subfield><subfield code="b">New Mexico</subfield><subfield code="c">Los Alamos</subfield><subfield code="d">Los Alamos.</subfield></datafield><datafield ind1="0" ind2="0" tag="785"><subfield code="t">Newsbulletin (Los Alamos, N.M. : 1981)</subfield><subfield code="w">(DLC)sn 94057064</subfield></datafield><datafield ind1=" " ind2=" " tag="936"><subfield code="a">July 13, 1978</subfield></datafield></record>